@book{blob,
author={Lindeberg,Tony},
year= {1993},
title={Detecting Salient Blob-Like Image Structures and Their Scales with a Scale-Space Primal Sketch - A Method for Focus-of-Attention},
publisher= { Computational Vision and Active Perception Laboratory (CVAP), Department of Numerical Analysis
and Computing Science, KTH (Royal Institute of Technology)},
}
@misc{drone,
title={ Droner kan mindske brug af pesticider},
author = { }, 
year={2013},
note = {Københavns Universitet  \\ $http://www.science.ku.dk/presse/nyhedsarkiv/2013/droner\_diku/$}
 }
@book{lindenscale,
author={Lindeberg,Tony},
year= {1998},
title={Feature Detection with Automatic Scale Selection},
publisher= {Computational Vision and Active Perception Laboratory (CVAP), Department of Numerical Analysis
and Computing Science, KTH (Royal Institute of Technology)},
}
@book{bjerg,
author={Brown, Matthew and Szeliski, Richard and Winder,Simon},
year= {2005},
title={Multi-Image Matching using Multi-Scale Oriented patches},
publisher= {Microsoft Corporation},
}
@book{eval,
author={Mikolajczyk, Krystian and Schmid, Cordelia},
year= {2005},
title={A Performance Evaluation of Local Descriptors},
publisher= {IEEE TRANSACTIONS ON PATTERN ANALYSIS AND MACHINE INTELLIGENCE},
}
@book{book1,
author={Szeliski, Richard},
year= {2010},
title={Computer Vision: Algorithms and Applications},
publisher= {Springer},
}
@book{kim,
author={Aanæs,Henrik and Dahl, Anders Lindbjerg and Pedersen, Kim Steenstrup},
year= {2010},
title={On Recall Rate of Interest Point Detectors},
publisher= {Electronic Proceedings of 3DPVT'10 : The Fifth International Symposium on 3D Data Processing, Visualization and Transmission},
}
@book{moravec,
author={Moravec, Hans P},
year= {1980},
title={Obstacle Avoidance and Navigation in the Real World by a Seeing Robot Rover},
publisher= {Robotics Institute Carnegie-Mellon University},
}
@book{harris,
author={Harris, Chris and Stephens, Mike},
year= {1988},
title={A Combined Corner And Edge Detector},
publisher= {Plessey Research Roke Manor, United Kingdom},
}
@book{SIFT,
author={Lowe, David G.},
year= {2004},
title={Distinctive Image Features from Scale-Invariant Keypoints},
publisher= {University of British Columbia},
}
@book{SURF,
author={Bay, Herbert and Tuytelaars, Tinne and Van Gool, Luc},
year= {2006},
title={SURF: Speeded Up Robust Features},
publisher= {Katholieke Universiteit Leuven},
}
@book{linden1,
author={Lindenberg, Tony},
year= {2012},
title={Scale Selection Properties of Generalized Scale-Space Interest Point Detectors},
publisher= {Springer},
}

